@misc{Copernicus_Sentinel,
  author       = {{Copernicus}},
  title        = {Copernicus Open Access Hub},
  year         = 2024,
  url          = {https://browser.dataspace.copernicus.eu/},
  note         = {Accessed: 2024-07-16}
}

@article{pisano2016new,
  author = {Pisano, Andrea and Nardelli, Bruno Buongiorno and Tronconi, Cristiana and Santoleri, Rosalia},
  title = {The new Mediterranean optimally interpolated pathfinder AVHRR SST Dataset (1982â€“2012)},
  journal = {Remote Sensing of Environment},
  volume = {176},
  pages = {107--116},
  year = {2016},
  doi = {10.1016/j.rse.2016.01.019}
}

@article{embury2024satellite,
  author = {Embury, Owen and Merchant, Christopher J. and Good, Simon A. and Rayner, Nick A. and H{\o}yer, Jacob L. and Atkinson, Christopher and Block, Thomas and Alerskans, Emy and Pearson, Kevin J. and Worsfold, Mark and McCarroll, Natalie and Donlon, Craig},
  title = {Satellite-based time-series of sea-surface temperature since 1980 for climate applications},
  journal = {Scientific Data},
  volume = {11},
  pages = {326},
  year = {2024},
  doi = {10.1038/s41597-024-03147-w}
}

@Article{hobday2016hierarchical,
  AUTHOR = {Hobday, Alistair J and Alexander, Lisa V and Perkins, Sarah E and Smale, Dan A and Straub, Sandra C and Oliver, Eric CJ and Benthuysen, Jessica A and Burrows, Michael T and Donat, Markus G and Feng, Ming and others},
  JOURNAL = {Progress in oceanography},
  PAGES = {227--238},
  PUBLISHER = {Elsevier},
  TITLE = {A hierarchical approach to defining marine heatwaves},
  VOLUME = {141},
  YEAR = {2016}
}

@Article{hobday2018categorizing,
  AUTHOR = {Hobday, Alistair J and Oliver, Eric CJ and Gupta, Alex Sen and Benthuysen, Jessica A and Burrows, Michael T and Donat, Markus G and Holbrook, Neil J and Moore, Pippa J and Thomsen, Mads S and Wernberg, Thomas and others},
  JOURNAL = {Oceanography},
  NUMBER = {2},
  PAGES = {162--173},
  PUBLISHER = {JSTOR},
  TITLE = {Categorizing and naming marine heatwaves},
  VOLUME = {31},
  YEAR = {2018}
}

@Article{heatwaveR,
  title = {{heatwaveR}: A central algorithm for the detection of heatwaves and cold-spells},
  author = {Robert W. Schlegel and Albertus J. Smit},
  journal = {Journal of Open Source Software},
  year = {2018},
  volume = {3},
  number = {27},
  pages = {821},
  doi = {10.21105/joss.00821},
}